%LOG 1
@phdthesis{xie2008x,
  title={X-ray Computed Tomography Image Reconstruction: Energy-integrating Detector and Performance Analysis},
  author={Xie, Liangjun},
  school={Washington University},
  address={Department of Electrical and Systems Engineering},
  year={2008},
}

%LOG 2
@article{whiting2006properties,
  title={Properties of preprocessed sinogram data in x-ray computed tomography},
  author={Whiting, Bruce R and Massoumzadeh, Parinaz and Earl, Orville A and Oâ€™Sullivan, Joseph A and Snyder, Donald L and Williamson, Jeffrey F},
  journal={Medical physics},
  volume={33},
  number={9},
  pages={3290--3303},
  year={2006},
  publisher={American Association of Physicists in Medicine}
}

%LOG 3
@article{wang2008experimental,
  title={An experimental study on the noise properties of x-ray CT sinogram data in Radon space},
  author={Wang, Jing and Lu, Hongbing and Liang, Zhengrong and Eremina, Daria and Zhang, Guangxiang and Wang, Su and Chen, John and Manzione, James},
  journal={Physics in medicine and biology},
  volume={53},
  number={12},
  pages={3327},
  year={2008},
  publisher={IOP Publishing}
}

%LOG 4
@mastersthesis{ip2016inside,
    author    = "Ip, Sherman",
    title     = "Inside-Out: Characterisation of Computed Tomography Noise in Projection and Image Space with Applications to 3{D} Printing",
    school    = "University of Warwick (OxWaSP)",
    type      = "Mini-Project Report",
    year      = "2016",
    note = {Available online \url{http://www.stats.ox.ac.uk/~sip/miniProject1/report_oxwasp1.pdf}},
  
}

%LOG 5
@article{daniels1954saddlepoint,
  title={Saddlepoint approximations in statistics},
  author={Daniels, Henry E},
  journal={The Annals of Mathematical Statistics},
  pages={631--650},
  year={1954},
  publisher={JSTOR}
}

%LOG 6
@article{butler2004saddlepoint,
  title={Saddlepoint approximation for moment generating functions of truncated random variables},
  author={Butler, Ronald W and Wood, Andrew TA},
  journal={Annals of statistics},
  pages={2712--2730},
  year={2004},
  publisher={JSTOR}
}

%LOG 7
@article{gatto2010saddlepoint,
  title={A saddlepoint approximation to the distribution of inhomogeneous discounted compound {P}oisson processes},
  author={Gatto, Riccardo},
  journal={Methodology and Computing in Applied Probability},
  volume={12},
  number={3},
  pages={533--551},
  year={2010},
  publisher={Springer}
}

%LOG 8
@article{jensen1991saddlepoint,
  title={Saddlepoint approximations to the distribution of the total claim amount in some recent risk models},
  author={Jensen, Jens Ledet},
  journal={Scandinavian Actuarial Journal},
  volume={1991},
  number={2},
  pages={154--168},
  year={1991},
  publisher={Taylor \& Francis}
}

%LOG 9
@article{withers2011compound,
  title={On the compound {P}oisson-gamma distribution},
  author={Withers, Christopher and Nadarajah, Saralees},
  journal={Kybernetika},
  volume={47},
  number={1},
  pages={15--37},
  year={2011},
  publisher={Institute of Information Theory and Automation AS CR}
}

%LOG 10
@article{hadjicostas1999improper,
  title={Improper and proper posteriors with improper priors in a {P}oisson-gamma hierarchical model},
  author={Hadjicostas, Petros and Berry, Scott M},
  journal={Test},
  volume={8},
  number={1},
  pages={147--166},
  year={1999},
  publisher={Springer}
}

%LOG 11
@inproceedings{lu2002analytical,
  title={Analytical noise treatment for low-dose {CT} projection data by penalized weighted least-square smoothing in the KL domain},
  author={Lu, Hongbing and Li, Xiang and Hsiao, Tsung and Liang, Zhengrong},
  booktitle={Medical Imaging 2002},
  pages={146--152},
  year={2002},
  organization={International Society for Optics and Photonics}
}

%LOG 12
@inproceedings{elbakri2003efficient,
  title={Efficient and accurate likelihood for iterative image reconstruction in X-ray computed tomography},
  author={Elbakri, Idris A and Fessler, Jeffrey A},
  booktitle={Medical Imaging 2003},
  pages={1839--1850},
  year={2003},
  organization={International Society for Optics and Photonics}
}

%LOG 13
@inproceedings{whiting2002signal,
  title={Signal statistics in x-ray computed tomography},
  author={Whiting, Bruce R},
  booktitle={Medical Imaging 2002},
  pages={53--60},
  year={2002},
  organization={International Society for Optics and Photonics}
}

%LOG 14
@article{elbakri2002statistical,
  title={Statistical image reconstruction for polyenergetic X-ray computed tomography},
  author={Elbakri, Idris A and Fessler, Jeffrey A},
  journal={IEEE transactions on medical imaging},
  volume={21},
  number={2},
  pages={89--99},
  year={2002},
  publisher={IEEE}
}

%LOG 15
@inproceedings{elbakri2001statistical,
  title={Statistical X-ray-computed tomography image reconstruction with beam-hardening correction},
  author={Elbakri, Idris A and Fessler, Jeffrey A},
  booktitle={Medical Imaging 2001},
  pages={1--12},
  year={2001},
  organization={International Society for Optics and Photonics}
}

%LOG 16
@article{lasio2007statistical,
  title={Statistical reconstruction for x-ray computed tomography using energy-integrating detectors},
  author={Lasio, Giovanni M and Whiting, Bruce R and Williamson, Jeffrey F},
  journal={Physics in medicine and biology},
  volume={52},
  number={8},
  pages={2247},
  year={2007},
  publisher={IOP Publishing}
}

%LOG 17
@article{helstrom1978approximate,
  title={Approximate evaluation of detection probabilities in radar and optical communications},
  author={Helstrom, Carl W},
  journal={IEEE Transactions on Aerospace and Electronic Systems},
  number={4},
  pages={630--640},
  year={1978},
  publisher={IEEE}
}

%LOG 18
@book{butler2007saddlepoint,
  title={Saddlepoint approximations with applications},
  author={Butler, Ronald W},
  volume={22},
  year={2007},
  publisher={Cambridge University Press}
}

%LOG 19
@article{feldkamp1984practical,
  title={Practical cone-beam algorithm},
  author={Feldkamp, LA and Davis, LC and Kress, JW},
  journal={JOSA A},
  volume={1},
  number={6},
  pages={612--619},
  year={1984},
  publisher={Optical Society of America}
}

%LOG 20
@article{jorgensen1994fitting,
  title={Fitting {T}weedie's compound {P}oisson model to insurance claims data},
  author={J{\o}rgensen, Bent and Paes De Souza, Marta C},
  journal={Scandinavian Actuarial Journal},
  volume={1994},
  number={1},
  pages={69--93},
  year={1994},
  publisher={Taylor \& Francis}
}

%LOG 21
@article{smyth2002fitting,
  title={Fitting {T}weedie's compound {P}oisson model to insurance claims data: dispersion modelling},
  author={Smyth, Gordon K and J{\o}rgensen, Bent},
  journal={Astin Bulletin},
  volume={32},
  number={01},
  pages={143--157},
  year={2002},
  publisher={Cambridge Univ Press}
}

%LOG 22
@article{zhang2013likelihood,
  title={Likelihood-based and {B}ayesian methods for {T}weedie compound {P}oisson linear mixed models},
  author={Zhang, Yanwei},
  journal={Statistics and Computing},
  volume={23},
  number={6},
  pages={743--757},
  year={2013},
  publisher={Springer}
}

%LOG 23
@article{jorgensen1987exponential,
  title={Exponential dispersion models},
  author={Jorgensen, Bent},
  journal={Journal of the Royal Statistical Society. Series B (Methodological)},
  pages={127--162},
  year={1987},
  publisher={JSTOR}
}

%LOG 24
@article{dunn2005series,
  title={Series evaluation of {T}weedie exponential dispersion model densities},
  author={Dunn, Peter K and Smyth, Gordon K},
  journal={Statistics and Computing},
  volume={15},
  number={4},
  pages={267--280},
  year={2005},
  publisher={Springer}
}

%LOG 25
@inproceedings{clark2004primer,
  title={A primer on the exponential family of distributions},
  author={Clark, David R and Thayer, Charles A},
  booktitle={Casualty Actuarial Society Spring Forum},
  pages={117--148},
  year={2004}
}

%LOG 26
@article{booth1999maximizing,
  title={Maximizing generalized linear mixed model likelihoods with an automated {M}onte {C}arlo {EM} algorithm},
  author={Booth, James G and Hobert, James P},
  journal={Journal of the Royal Statistical Society: Series B (Statistical Methodology)},
  volume={61},
  number={1},
  pages={265--285},
  year={1999},
  publisher={Wiley Online Library}
}

%LOG 28
@article{smyth1999adjusted,
  title={Adjusted likelihood methods for modelling dispersion in generalized linear models},
  author={Smyth, Gordon K and Verbyla, Ar{\=u}nas P},
  journal={Environmetrics},
  volume={10},
  number={6},
  pages={695--709},
  year={1999}
}

%LOG 29
@article{nelder1987extended,
  title={An extended quasi-likelihood function},
  author={Nelder, John A and Pregibon, Daryl},
  journal={Biometrika},
  volume={74},
  number={2},
  pages={221--232},
  year={1987},
  publisher={Biometrika Trust}
}

%LOG 30
@article{nelder1992likelihood,
  title={Likelihood, quasi-likelihood and pseudolikelihood: some comparisons},
  author={Nelder, JA and Lee, Y},
  journal={Journal of the Royal Statistical Society. Series B (Methodological)},
  pages={273--284},
  year={1992},
  publisher={JSTOR}
}

%LOG 31
@article{dempster1977maximum,
  title={Maximum likelihood from incomplete data via the {EM} algorithm},
  author={Dempster, Arthur P and Laird, Nan M and Rubin, Donald B},
  journal={Journal of the royal statistical society. Series B (methodological)},
  pages={1--38},
  year={1977},
  publisher={JSTOR}
}

%LOG 32
@article{munzenmayer2003enhancing,
  title={Enhancing texture analysis by color shading correction},
  author={M{\"u}nzenmayer, Christian and Naujokat, Frederic and M{\"u}hldorfer, Steffen and Wittenberg, Thomas},
  journal={Franke, KH, ed},
  volume={9},
  year={2003}
}

%LOG 33
@article{young2000shading,
  title={Shading correction: compensation for illumination and sensor inhomogeneities},
  author={Young, Ian T},
  journal={Current Protocols in Cytometry},
  pages={2--11},
  year={2000},
  publisher={Wiley Online Library}
}

%LOG 34
@article{marchant2008shading,
  title={Shading correction algorithm for improvement of cone-beam CT images in radiotherapy},
  author={Marchant, Thomas E and Moore, Christopher J and Rowbottom, Carl G and Mackay, Ranald I and Williams, Peter C},
  journal={Physics in medicine and biology},
  volume={53},
  number={20},
  pages={5719},
  year={2008},
  publisher={IOP Publishing}
}

%LOG 35
@article{wu2015iterative,
  title={Iterative CT shading correction with no prior information},
  author={Wu, Pengwei and Sun, Xiaonan and Hu, Hongjie and Mao, Tingyu and Zhao, Wei and Sheng, Ke and Cheung, Alice A and Niu, Tianye},
  journal={Physics in medicine and biology},
  volume={60},
  number={21},
  pages={8437},
  year={2015},
  publisher={IOP Publishing}
}

%LOG 36
@article{bergen2016shading,
  title={Shading correction for endoscopic images using principal color components},
  author={Bergen, Tobias and Wittenberg, Thomas and M{\"u}nzenmayer, Christian},
  journal={International journal of computer assisted radiology and surgery},
  volume={11},
  number={3},
  pages={397--405},
  year={2016},
  publisher={Springer}
}

%LOG 37
@article{likar2000retrospective,
  title={Retrospective shading correction based on entropy minimization},
  author={Likar, Bo{\v{s}}tjan and Maintz, JB Antoine and Viergever, Max A and Pernus, F and others},
  journal={Journal of Microscopy},
  volume={197},
  number={3},
  pages={285--295},
  year={2000},
  publisher={Wiley Online Library}
}

%LOG 38
@article{wong2012review,
  title={A review of additive manufacturing},
  author={Wong, Kaufui V and Hernandez, Aldo},
  journal={ISRN Mechanical Engineering},
  volume={2012},
  year={2012},
  publisher={Hindawi Publishing Corporation}
}

%LOG 39
@article{kodama1981automatic,
  title={Automatic method for fabricating a three-dimensional plastic model with photo-hardening polymer},
  author={Kodama, Hideo},
  journal={Review of scientific instruments},
  volume={52},
  number={11},
  pages={1770--1773},
  year={1981},
  publisher={AIP}
}

%LOG 40
@article{kang20163d,
  title={A 3{D} bioprinting system to produce human-scale tissue constructs with structural integrity},
  author={Kang, Hyun-Wook and Lee, Sang Jin and Ko, In Kap and Kengla, Carlos and Yoo, James J and Atala, Anthony},
  journal={Nature Biotechnology},
  volume={34},
  number={3},
  pages={312--319},
  year={2016},
  publisher={Nature Publishing Group}
}

%LOG 41
@techreport{cantatore2011introduction,
  title={Introduction to computed tomography},
  author={Cantatore, Angela and M{\"u}ller, Pavel},
  year={2011},
  institution={DTU Mechanical Engineering}
}

%LOG 42
@article{hounsfield1980computed,
  title={Computed medical imaging},
  author={Hounsfield, Godfrey N},
  journal={Medical physics},
  volume={7},
  number={4},
  pages={283--290},
  year={1980},
  publisher={Wiley Online Library}
}

%LOG 43
@article{michael2001x,
  title={X-ray computed tomography},
  author={Michael, Greg},
  journal={Physics Education},
  volume={36},
  number={6},
  pages={442},
  year={2001},
  publisher={IOP Publishing}
}

%LOG 44
@article{brettschneider2014spatial,
  title={Spatial analysis of dead pixels},
  author={Brettschneider, Julia and Thornby, John Albert and Nichols, Thomas E and Kendall, Wilfrid S},
  year={2014},
  publisher={University of Warwick. Centre for Research in Statistical Methodology}
}

%LOG 45
@article{nelder1972generalized,
  title={Generalized Linear Models},
  author={Nelder, John and  Wedderburn, Robert},
  journal={Journal of the Royal Statistical Society. Series A (General)},
  volume={135},
  number={3},
  pages={370-384},
  year={1972},
}

%LOG 46
@article{nelder1972generalized_2,
  title={Generalized linear models},
  author={Nelder, John A and Baker, R Jacob},
  journal={Encyclopedia of statistical sciences},
  year={1972},
  publisher={Wiley Online Library}
}

%LOG 47
@article{mccullagh1984generalized,
  title={Generalized linear models},
  author={McCullagh, Peter},
  journal={European Journal of Operational Research},
  volume={16},
  number={3},
  pages={285--292},
  year={1984},
  publisher={Elsevier}
}
